@article{barbour2017amending,
  title={Amending published articles: time to rethink retractions and corrections?},
  author={Barbour, Virginia and Bloom, Theodora and Lin, Jennifer and Moylan, Elizabeth},
  journal={F1000Research},
  volume={6},
  number={1960},
  pages={1960},
  year={2017},
  publisher={F1000 Research Limited}
}

@article{teixeira2021ending,
  title={Ending the retraction stigma: encouraging the reporting of errors in the biomedical record},
  author={Teixeira da Silva, Jaime A and Al-Khatib, Aceil},
  journal={Research Ethics},
  volume={17},
  number={2},
  pages={251--259},
  year={2021},
  publisher={SAGE Publications Sage UK: London, England}
}

@article{allison2016reproducibility,
  title={Reproducibility: A tragedy of errors},
  author={Allison, David B and Brown, Andrew W and George, Brandon J and Kaiser, Kathryn A},
  journal={Nature},
  volume={530},
  number={7588},
  pages={27--29},
  year={2016},
  publisher={Nature Publishing Group}
}

@article{molckovsky2011characterization,
  title={Characterization of published errors in high-impact oncology journals},
  author={Molckovsky, A and Vickers, MM and Tang, Patricia},
  journal={Current Oncology},
  volume={18},
  number={1},
  pages={26--32},
  year={2011},
  publisher={Multidisciplinary Digital Publishing Institute}
}

@article{kendall2019persistent,
  title={Persistent problems in the construction of matrix population models},
  author={Kendall, Bruce E and Fujiwara, Masami and Diaz-Lopez, Jasmin and Schneider, Sandra and Voigt, Jakob and Wiesner, S{\"o}ren},
  journal={Ecological modelling},
  volume={406},
  pages={33--43},
  year={2019},
  publisher={Elsevier}
}

@article{rohrer2021putting,
  title={Putting the self in self-correction: Findings from the Loss-of-Confidence Project},
  author={Rohrer, Julia M and Tierney, Warren and Uhlmann, Eric L and DeBruine, Lisa M and Heyman, Tom and Jones, Benedict and Schmukle, Stefan C and Silberzahn, Raphael and Will{\'e}n, Rebecca M and Carlsson, Rickard and others},
  journal={Perspectives on Psychological Science},
  volume={16},
  number={6},
  pages={1255--1269},
  year={2021},
  publisher={Sage Publications Sage CA: Los Angeles, CA}
}

@article{else2017likely,
  title={How likely are academics to confess to errors in research?},
  author={Else, Holly},
  journal={Times Higher Education},
  year={2017}
}

@article{chawla2019lose,
  title={It’s okay to lose confidence in your previous research},
  author={Chawla, D},
  journal={Nature Index},
  year={2019}
}

@article{conroy2020reveal,
  title={Scientists reveal what they learnt from their biggest mistakes},
  author={Conroy, G},
  journal={Nature Index},
  year={2020}
}

@article{ioannidis2005most,
  title={Why most published research findings are false},
  author={Ioannidis, John PA},
  journal={PLoS medicine},
  volume={2},
  number={8},
  pages={e124},
  year={2005},
  publisher={Public Library of Science}
}

@article{vuong2020limitations,
  title={The limitations of retraction notices and the heroic acts of authors who correct the scholarly record: An analysis of retractions of papers published from 1975 to 2019},
  author={Vuong, Quan-Hoang},
  journal={Learned Publishing},
  volume={33},
  number={2},
  pages={119--130},
  year={2020},
  publisher={Wiley Online Library}
}

@article{o2021towards,
  title={Towards open, reliable, and transparent ecology and evolutionary biology},
  author={O’Dea, Rose E and Parker, Timothy H and Chee, Yung En and Culina, Antica and Drobniak, Szymon M and Duncan, David H and Fidler, Fiona and Gould, Elliot and Ihle, Malika and Kelly, Clint D and others},
  journal={BMC biology},
  volume={19},
  number={1},
  pages={1--5},
  year={2021},
  publisher={BioMed Central}
}

@article{sandve2013ten,
  title={Ten simple rules for reproducible computational research},
  author={Sandve, Geir Kjetil and Nekrutenko, Anton and Taylor, James and Hovig, Eivind},
  journal={PLoS computational biology},
  volume={9},
  number={10},
  pages={e1003285},
  year={2013},
  publisher={Public Library of Science San Francisco, USA}
}

@article{himmelstein2019open,
  title={Open collaborative writing with Manubot},
  author={Himmelstein, Daniel S and Rubinetti, Vincent and Slochower, David R and Hu, Dongbo and Malladi, Venkat S and Greene, Casey S and Gitter, Anthony},
  journal={PLOS Computational Biology},
  volume={15},
  number={6},
  pages={e1007128},
  year={2019},
  publisher={Public Library of Science San Francisco, CA USA}
}

@article{teixeira2022synthesis,
  title={A Synthesis of the Formats for Correcting Erroneous and Fraudulent Academic Literature, and Associated Challenges},
  author={Teixeira da Silva, Jaime A},
  journal={Journal for General Philosophy of Science},
  pages={1--17},
  year={2022},
  publisher={Springer}
}